% This file was created with JabRef 2.6.
% Encoding: ISO8859_15

@ARTICLE{Brons2003,
  author = {S. Brons and G. Taucher-Scholz and M. Scholz and G. Kraft},
  title = {A track structure model for simulation of strand breaks in plasmid
	DNA after heavy ion irradiation},
  journal = {Radiat Environ Biophys},
  year = {2003},
  volume = {42},
  pages = {63-72}
}

@ARTICLE{Butts1967,
  author = {J. J. Butts and R. Katz},
  title = {Theory of RBE for Heavy Ion Bombardment of Dry Enzymes and Viruses},
  journal = {Radiation Research},
  year = {1967},
  volume = {30},
  pages = {855-871}
}

@ARTICLE{Chadwick1973,
  author = {Chadwick, K.H. and Leenhouts, H.P.},
  title = {A Molecular Theory of Cell Survival},
  journal = {Physics in Medicine and Biology},
  year = {1973},
  volume = {18},
  pages = {78-87}
}

@ARTICLE{Chatterjee1976,
  author = {A. Chatterjee and H. J. Schaefer},
  title = {Microdosimetric Structure of Heavy Ion Tracks in Tissue},
  journal = {Radiat Environ Biophys},
  year = {1976},
  volume = {13},
  pages = {215-227}
}

@ARTICLE{Craven2005,
  author = {P. A. Craven and M. J. Rycroft},
  title = {Analysis of secondary electron emission spectra of equal-LET protons
	and alpha particles for purposes of radiation quality and spaceflight
	hazard assessment},
  journal = {Adv Space Res},
  year = {2005},
  volume = {35},
  pages = {300-304}
}

@BOOK{Dertinger1970,
  title = {Molecular Radiation Biology},
  publisher = {Springer, Heidelberg, Berlin, New York},
  year = {1970},
  author = {Dertinger, H. and Jung, H.}
}

@ARTICLE{Edmund2007,
  author = {Edmund, J. and Andersen, C. and Greilich, S.},
  title = {{A track structure model of optically stimulated luminescence from
	\ce{Al2O3}:C irradiated with 10-?60 MeV protons}},
  journal = {NIM B},
  year = {2007},
  volume = {21},
  pages = {261-275}
}

@ARTICLE{Elsasser2008,
  author = {T. Els‰sser and S. Brons and K. Psonka and M. Scholz and E. Gudowska-Nowak
	and G. Taucher-Scholz},
  title = {Biophysical Modeling of Fragment Length Distribution of DNA Plasmids
	after X and Heavy-Ion Irradiation Analyzed by Atomic Force Microscopy},
  journal = {Radiation Research},
  year = {2008},
  volume = {169},
  pages = {649-659},
  keywords = {LEM}
}

@TECHREPORT{Elsasser2007a,
  author = {T. Els‰sser and K. Psonka and M. Scholz and G. Taucher-Scholz and
	E. Gudowska-Nowak and S. Brons},
  title = {Biophysical Modelling of DNA fragmentation},
  year = {2007},
  keywords = {LEM}
}

@ARTICLE{Elsasser2007b,
  author = {T. Els‰sser and M. Scholz},
  title = {Cluster Effects within the Local Effect Model},
  journal = {Radiation Research},
  year = {2007},
  volume = {167},
  pages = {319-329},
  keywords = {LEM}
}

@TECHREPORT{Elsasser2007c,
  author = {T. Els‰sser and M. Scholz},
  title = {Monte Carlo simulation of cell inactivation after heavy ion irradiation
	with the Local Effect Model (LEM) including cluster effects},
  year = {2007},
  keywords = {LEM}
}

@ARTICLE{Emfietzoglou2006,
  author = {D. Emfietzoglou and H. Paganetti and G. Papamichael and A. Pathak},
  title = {Monte Carlo calculation of nanoscale dosimetric distributions of
	MeV proton tracks with secondary electron transport},
  journal = {NIM B},
  year = {2006},
  volume = {245},
  pages = {80-84}
}

@PHDTHESIS{Geiss1997,
  author = {Geiﬂ, O.B.},
  title = {TLDs in Teilchenstrahlen (in German)},
  school = {Gesellschaft f\"ur Schwerionenforschung, Darmstadt, Germany},
  year = {1997}
}

@ARTICLE{Geiss1998,
  author = {O. B. Geiﬂ and M. Kr‰mer and G. Kraft},
  title = {Efficiency of thermoluminescence detectors to heavy charged particles},
  journal = {NIM B},
  year = {1998},
  volume = {142},
  pages = {592-598}
}

@UNPUBLISHED{Greilich2008a,
  author = {Greilich, S. and Andersen, C.E. and Hahn, U. and Kiderlen, M. and
	Bassler, N.},
  title = {A novel track-structure based algorithm for solid-state detector
	efficiency in mixed particle fields},
  note = {submitted to Radiation Measurements},
  month = {October},
  year = {2008}
}

@ARTICLE{Greilich2008,
  author = {Greilich, S. and Edmund, J.M. and Jain, M. and Andersen, C.E.},
  title = {A coupled RL and transport model for mixed-field proton irradiation
	of \ce{Al2O3}:C},
  journal = {Rad. Meas.},
  year = {2008},
  volume = {43},
  pages = {1049?1053}
}

@ARTICLE{Hansen1985,
  author = {J. W. Hansen and K. J. Olsen},
  title = {Theoretical and Experimental Radiation Effectiveness of the Free
	Radical Dosimeter Alanine to Irradiation with Heavy Charged Particles},
  journal = {Radiation Research},
  year = {1985},
  volume = {104},
  pages = {15-27}
}

@ARTICLE{Hansen1984,
  author = {J. W. Hansen and K. J. Olsen},
  title = {Experimental and Calculated Response of a Radiochromic Dye Film Dosimeter
	to High-LET Radiations},
  journal = {Radiation Research},
  year = {1984},
  volume = {97},
  pages = {1-15}
}

@ARTICLE{Horowitz1981,
  author = {Y. S. Horowitz},
  title = {The theoretical and microdosimetric basis of thermoluminescence and
	applications to dosimetry},
  journal = {Phys Med Biol},
  year = {1981},
  volume = {26},
  pages = {756-824},
  number = {4}
}

@ARTICLE{Horowitz2001,
  author = {Y. S. Horowitz and D. Satinger and L. Oster and N. Issa and M. E.
	Brandan and O. Avila and M. Rodriguez-Villafuerte and I. Gamboa-deBuen
	and A. E. Buenfil and C. Ruiz-Trejo},
  title = {The extrended track interaction model: supralinearity and saturation
	He-ion TL fluence response in sensitized TLD-100},
  journal = {Radiation Measurements},
  year = {2001},
  volume = {33},
  pages = {459-473}
}

@ARTICLE{Kalef-Ezra1982,
  author = {J. Kalef-Ezra and Y. S. Horowitz},
  title = {Heavy Charged Particle Thermoluminescence Dosimetry: Track Structure
	Theory and Experiments},
  journal = {Int J Appl Radiat Isot},
  year = {1982},
  volume = {33},
  pages = {1085-1100}
}

@ARTICLE{Katz2003,
  author = {R. Katz},
  title = {Commentary: The Parameter-Free Track Structure Model of Scholz and
	Kraft for Heavy-Ion Cross Sections},
  journal = {Radiation Research},
  year = {2003},
  volume = {160},
  pages = {724-728}
}

@ARTICLE{Katz2003a,
  author = {Katz, R.},
  title = {The Parameter-Free Track Structure Model of Scholz and Kraft for
	Heavy-Ion Cross Section},
  journal = {Radiation Research},
  year = {2003},
  volume = {160},
  pages = {724-728}
}

@INCOLLECTION{Katz1972b,
  author = {Katz, R. and Sharma, S. C. and Homayoonfar, M.},
  title = {The structure of particle tracks},
  booktitle = {Topics in Radiation Dosimetry},
  publisher = {Academic Press},
  year = {1972},
  editor = {Attix, F. H.},
  chapter = {6},
  pages = {317-383},
  address = {New York}
}

@INCOLLECTION{Kellerer1985,
  author = {Kellerer, A.M.},
  title = {Fundamentals of microdosimetry},
  booktitle = {The Dosimetry of Ionizing Radiation},
  publisher = {Academic Press},
  year = {1985},
  editor = {Kase, K.R. and Bj\"arngard, B.E. and Attix, F.H.},
  chapter = {2},
  address = {London}
}

@MISC{Keppel2007,
  author = {C. E. Keppel and R. A. Britten and V. R. Nazaryan},
  title = {Hadron Treatment Planning With Adequate Biological Weighting},
  month = {04-10-2007},
  year = {2007},
  number = {US 2007/0228305 A1}
}

@ARTICLE{Kiefer1986,
  author = {J. Kiefer and H. Straaten},
  title = {A model of ion track structure based on classical collision dynamics},
  journal = {Phys Med Biol},
  year = {1986},
  volume = {31},
  pages = {1201-1209},
  number = {11}
}

@ARTICLE{Kraft1987,
  author = {G. Kraft},
  title = {Radiobiological effects of very heavy ions: inactivation, induction
	of chromosome aberrations and strand breaks},
  journal = {Nuclear Science Applications},
  year = {1987},
  volume = {3},
  pages = {1-28}
}

@ARTICLE{Kraft1992,
  author = {G. Kraft and M. Kr‰mer and M. Scholz},
  title = {LET, track structure and models},
  journal = {Radiat Environ Biophys},
  year = {1992},
  volume = {31},
  pages = {161-180}
}

@ARTICLE{Kraft1999,
  author = {G. Kraft and M. Scholz and U. Bechthold},
  title = {Tumor therapy and track structure},
  journal = {Radiat Environ Biophys},
  year = {1999},
  volume = {38},
  pages = {229-237}
}

@TECHREPORT{Kragl2007,
  author = {G. Kragl and M. Kr‰mer and J. Naumann and D. Schardt and W. K. Weyrather},
  title = {Modelling therapeutical 3He beams},
  year = {2007}
}

@ARTICLE{Kramer1995,
  author = {M. Kr‰mer},
  title = {Calculations of heavy-ion track structure},
  journal = {NIM B},
  year = {1995},
  volume = {105},
  pages = {14-20}
}

@ARTICLE{Kramer1994,
  author = {M. Kr‰mer and G. Kraft},
  title = {Calculations of heavy-ion track structure},
  journal = {Radiat Environ Biophys},
  year = {1994},
  volume = {33},
  pages = {91-109}
}

@INPROCEEDINGS{Kramer1992,
  author = {M. Kr‰mer and G. Kraft},
  title = {Heavy ion track structure calculations},
  year = {1992},
  month = {1991}
}

@TECHREPORT{Kramer2005,
  author = {M. Kr‰mer and A. Schmidt},
  title = {Treatment planning for the GSI radiotherapy},
  year = {2005}
}

@ARTICLE{Kramer2006,
  author = {M. Kr‰mer and M. Scholz},
  title = {Rapid calculation of biological effects in ion radiotherapy},
  journal = {Phys Med Biol},
  year = {2006},
  volume = {51},
  pages = {1959-1970}
}

@ARTICLE{Kramer2000,
  author = {M. Kr‰mer and M. Scholz},
  title = {Treatment planning for heavy-ion radiotherapy: calculation and optimization
	of biologically effective dose},
  journal = {Phys Med Biol},
  year = {2000},
  volume = {45},
  pages = {3319-3330}
}

@ARTICLE{Kramer2003,
  author = {M. Kr‰mer and J. F. Wang and W. Weyrather},
  title = {Biological dosimetry of complex ion radiation fields},
  journal = {Phys Med Biol},
  year = {2003},
  volume = {48},
  pages = {2063-2070}
}

@ARTICLE{Kramer2003a,
  author = {M. Kr‰mer and W. K. Weyrather and M. Scholz},
  title = {The Increased Biological Effectiveness of Heavy Charged Partucles:
	From Radiobiology to Treatment Planning},
  journal = {Technology in Cancer Reserach \& Treatment},
  year = {2003},
  volume = {2},
  pages = {427-436},
  number = {5}
}

@ARTICLE{Kundr'at2007,
  author = {P. Kundr·t},
  title = {A semi-analytical radiolological model may assist treatment planning
	in light ion radiotherapy},
  journal = {Phys Med Biol},
  year = {2007},
  volume = {52},
  pages = {6813-6830}
}

@ARTICLE{Nikjoo2006,
  author = {H. Nikjoo and S. Uehara and D. Emfietzoglou and F. A. Cucinotta},
  title = {Track-structure codes in radiation research},
  journal = {Radiation Measurements},
  year = {2006},
  volume = {41},
  pages = {1052-1074}
}

@ARTICLE{Olko2007,
  author = {P. Olko},
  title = {Microdosimetry, track structure and the response of thermoluminescence
	detectors},
  journal = {Radiation Measurements},
  year = {2007},
  volume = {41},
  pages = {S57-S70}
}

@PHDTHESIS{Olko2002,
  author = {Olko, P.},
  title = {Microdosimetric Modelling of Physical and Biological Detectors},
  school = {Institute of Nuclear Physics, Krak\'ow, Poland},
  year = {2002},
  type = {Habilitation}
}

@ARTICLE{Olko2006,
  author = {P. Olko and P. Bilski and N. A. El-Faramawy and H. Y. Gˆksu and J.
	L. Kim and R. Kopec and M. P. R. Walig\'{o}rski},
  title = {On the relationship between dose-, energy- and LET-response of thermoluminescence
	detectors},
  journal = {Radiation Protection Dosimetry},
  year = {2006},
  volume = {119},
  pages = {15-22},
  number = {1-4}
}

@ARTICLE{Paganetti2002,
  author = {H. Paganetti},
  title = {Nuclear interactions in proton therapy: dose and realtive biological
	effect distributions originating from primary and secondary particles},
  journal = {Phys Med Biol},
  year = {2002},
  volume = {47},
  pages = {747-764}
}

@ARTICLE{Paganetti2001,
  author = {H. Paganetti and M. Goitein},
  title = {Biophysical modeling of proton radiation effect based on amorphous
	track models},
  journal = {Int J Radiat Biol},
  year = {2001},
  volume = {77},
  pages = {911-928},
  number = {9}
}

@ARTICLE{Paretzke1991,
  author = {H. G. Paretzke and J. E. Turner and R. N. Hamm and R. H. Ritchie
	and H. A. Wright},
  title = {Spatial Distribution of Inelastic Events Produced by Electrons in
	Gaseous and Liquid Water},
  journal = {Radiation Research},
  year = {1991},
  volume = {127},
  pages = {121-129}
}

@ARTICLE{Sawakuchiinprint,
  author = {G. O. Sawakuchi and E. G. Yukihara and S. W. S. McKeever and E. R.
	Benton},
  title = {Overlap of heavy charged particle tracks and the change in shape
	of optically stimulated luminescence curves of Al2O3:C},
  journal = {Radiation Measurements},
  year = {in print}
}

@ARTICLE{Schmollack2000,
  author = {J. U. Schmollack and S. L. Klaumuenzer and J. Kiefer},
  title = {Stochastic Radial Dose Distributions and Track Structure Theory},
  journal = {Radiation Research},
  year = {2000},
  volume = {153},
  pages = {469-478}
}

@PHDTHESIS{Scholz2001a,
  author = {Scholz, M.},
  title = {Grundlagen der biologischen Bestrahlungsplanung f¸r die Schwerionen-Tumortherapie
	(in German)},
  school = {Ruprecht-Karls-Universit\"at, Heidelberg, Germany},
  year = {2001},
  type = {Habilitation}
}

@ARTICLE{Scholz2007,
  author = {M. Scholz and T. Els‰sser},
  title = {Biophysical model in ion beam radiotherapy},
  journal = {Adv Space Res},
  year = {2007},
  volume = {40},
  pages = {1381-1391}
}

@ARTICLE{Scholz2001,
  author = {M. Scholz and B. Jakob and G. Taucher-Scholz},
  title = {Direct Evidence for the Spatial Correlation between Individual Particle
	Traversals and Localized CDKN1A (p21) Response Induced by High-LET
	Radiation},
  journal = {Radiation Research},
  year = {2001},
  volume = {156},
  pages = {558-563}
}

@ARTICLE{Scholz1997,
  author = {M. Scholz and A. M. Kellerer and W. Kraft-Weyrather and G. Kraft},
  title = {Computation of cell survival in heavy ion beams for therapy - the
	model and its approximations},
  journal = {Radiat Environ Biophys},
  year = {1997},
  volume = {36},
  pages = {59-66}
}

@INPROCEEDINGS{Scholz1992,
  author = {M. Scholz and G. Kraft},
  title = {A parameter-free track structure model for heavy ion action cross
	sections},
  booktitle = {Biophysical Modelling of Radiation Effects},
  year = {1992},
  editor = {Chadwick et al.},
  month = {1991},
  note = {First appearance of LEM, with comments from audience!},
  location = {Padua / Italy}
}

@ARTICLE{Scholz2004,
  author = {M. Scholz and G. Kraft},
  title = {The Physical and Radiobiological Basis of the Local Effect Model:
	A Response to the Commentary by R. Katz},
  journal = {Radiation Research},
  year = {2004},
  volume = {161},
  pages = {612-620}
}

@ARTICLE{Scholz1996,
  author = {M. Scholz and G. Kraft},
  title = {Track structure and the calculation of biological effects of heavy
	charged particles},
  journal = {Adv Space Res},
  year = {1996},
  volume = {18},
  pages = {5-14},
  number = {1-2}
}

@ARTICLE{Scholz1994,
  author = {M. Scholz and G. Kraft},
  title = {Calculation of heavy ion inactivation probabilities based on track
	structure, x ray sensitivity and target size},
  journal = {Radiation Protection Dosimetry},
  year = {1994},
  volume = {52},
  pages = {29-33},
  number = {1-4},
  note = {First journal publication on LEM}
}

@ARTICLE{Schulz-Ertner2003,
  author = {D. Schulz-Ertner and A. Nikoghosyan and O. J\"{a}kel and T. Haberer
	and G. Kraft and M. Scholz and M. Wannenmacher and J. Debus},
  title = {Feasibility and toxicity of combined photon and carbon radiotherapy
	for locally advanced anenoid cystic carcinomas},
  journal = {Int J Radiation Oncology Biol Phys},
  year = {2003},
  volume = {52},
  pages = {391-398},
  number = {2}
}

@ARTICLE{Spielberger2003,
  author = {B. Spielberger and M. Kr\"{a}mer and M. Scholz and G. Kraft},
  title = {Three-dimensional dose verification in complex particle fields based
	on X-ray films},
  journal = {NIM B},
  year = {2003},
  volume = {209},
  pages = {277-282}
}

@PHDTHESIS{Walig'orski1988,
  author = {WaligÛski, M.P.R.},
  title = {A Model of Heavy Ion Detection in Physical and Biological Systems},
  school = {Institute of Nuclear Physics, Krak\'ow, Poland},
  year = {1988},
  type = {Habilitation}
}

@ARTICLE{Walig'orski1986a,
  author = {WaligÛski, M.P.R. and Hamm, R.N. and Katz, R.},
  title = {The Radial Distribution of Dose around the Path of a Heavy Ion in
	Liquid Water},
  journal = {Nuclear Tracks and Radiation Measurements},
  year = {1986},
  volume = {11},
  pages = {309-319}
}

@ARTICLE{Walig'orski1980,
  author = {WaligÛski, M.P.R. and Katz, R.},
  title = {Supralinearity of peak 5 and peak 6 in TLD-700},
  journal = {NIM},
  year = {1980},
  volume = {172},
  pages = {463-470}
}

@ARTICLE{Walig'orski1986,
  author = {M. P. R. WaligÛski and R. N. Hamm and R. Katz},
  title = {The radial distribution of dose around the path of a heavy ion in
	liquid water},
  journal = {Nucl Tracks Radiat Meas},
  year = {1986},
  volume = {11},
  pages = {309-319},
  number = {6}
}

@ARTICLE{Wilkens2005,
  author = {J. J. Wilkens and U. Oelfke},
  title = {Optimization of radiobiological effects in intensity modulated proton
	therapy},
  journal = {Med Phys},
  year = {2005},
  volume = {32},
  pages = {445-465},
  number = {2}
}

@ARTICLE{Wilkens2004,
  author = {J. J. Wilkens and U. Oelfke},
  title = {A phenomenological model for the relative biological effectiveness
	in therapeutic proton beams},
  journal = {Phys Med Biol},
  year = {2004},
  volume = {49},
  pages = {2811-2825}
}

@ARTICLE{Zhang1985,
  author = {Zhang, C. and Dunn, D.E. and Katz, R.},
  title = {Radial Distribution of Dose and Cross-Sections for the Inactivation
	of Dry Enzymes and Viruses},
  journal = {Radiation Protection Dosimetry},
  year = {1985},
  volume = {13},
  pages = {215-218}
}

@ARTICLE{'Avila2002,
  author = {O. ¡vila and M. E. Brandan},
  title = {Influence of fd(D) on modified track structure theory efficiency
	calculations},
  journal = {Radiation Protection Dosimetry},
  year = {2002},
  volume = {100},
  pages = {163-166},
  number = {1-4}
}

