% File for libamtrack manual
% Copyright 2006, 2010 Steffen Greilich / the libamtrack team
% This file is part of the libAmTrack project (libamtrack.dkfz.org).

@article{Andersen_et_al_2006,
author = {Andersen, C.E. and Marckmann, C.J. and Aznar, M.C. and B{\o}tter-Jensen, L. and Kj{\ae}r-Kristoffersen, F and Medin, J.},
year = 2006,
title = {An Algorithm for Real-Time Dosimetry in Intensity-Modulated Radiation Therapy using the Radioluminesence Signal from \ce{Al2O3}:C},
journal = {Radiation Protection Dosimetry},
volume = 120,
pages = {7-13}
}

@article{Andersen_et_al_2007,
author = {Andersen, C.E. and Edmund, J.M. and Medin, J. and Grusell, E. and Jain, M. and Mattsson, S.},
year = 2007,
title = {Medical proton dosimetry using radioluminescence from aluminium oxide crystals attached to optical-fiber cables},
journal = {NIM A},
volume = 580,
pages = {466-468}
}

@article{Andersen_et_al_2009,
author = {Andersen, C.E. and Nielsen, S.K. and Greilich, S. and Helt-Hansen, J. and Lindegaard, J.C. and Tanderup, K.},
title = {{Characterization of a fiber-coupled \ce{Al2O3}:C luminescence dosimetry system for online in vivo dose verification during 192Ir brachytherapy}},
journal = {Med. Phys.},
volume = 36,
year = 2009,
pages = {708-718}
}

@ARTICLE{Bassler_et_al_2008,
  author = {N. Bassler and M. H. Holzscheiter and O. J\"{a}kel and H. V. Knudsen
	and S. Kovacevic and The AD-4/ACE Collaboration},
  title = {The antiproton depth-dose curve in water},
  journal = {Phys Med Biol},
  year = {2008},
  volume = {53},
  pages = {793-805}
}

@article{Butts_and_Katz_1967,
author = {Butts, J.J. and Katz, R.},
title = {{Theory of RBE for Heavy Ion Bombardment of Dry Enzymes and Viruses}},
journal = {Radiation Research},
volume = 30,
year = 1967,
pages = {855-871}
}

@book{BoetterJensen_et_al_2003,
Author = {Boetter-Jensen, L. and McKeever, S.W.S. and Wintle, A.G.},
Year = 2003,
Title = {Optically stimulated luminescence dosimetry},
Publisher = {Elsevier, Amsterdam}
}

@article{Chadwick_and_Leenhouts_1973,
author = {Chadwick, K.H. and Leenhouts, H.P.},
title = {{A Molecular Theory of Cell Survival}},
journal = {Physics in Medicine and Biology},
volume = 18,
year = 1973,
pages = {78-87}
}

@book{Dertinger_and_Jung_1970,
Author = {Dertinger, H. and Jung, H.},
Year = 1970,
Title = {Molecular Radiation Biology},
Publisher = {Springer, Heidelberg, Berlin, New York}
}
 
@article{Edmund_et_al_2007,
Journal = {NIM B},
Year = 2007,
volume = 21,
title = {{A track structure model of optically stimulated luminescence from \ce{Al2O3}:C irradiated with 10-–60 MeV protons}},
Pages = {261-275},
Author = {Edmund, J. and Andersen, C. and Greilich, S.}
}

@article{Geiss_et_al_1997,
author = {Gei{\ss}, O.B. and Kr\"amer, M. and Kraft, G.},
journal = {NIM B},
volume = 142,
title = {{Efficiency of thermoluminescent detectors to heavy charged particles}},
year = 1997,
pages = {592-598}
}

@phdthesis{Geiss_1998,
  author={Gei{\ss}, O.B.},
  title={{TLDs in Teilchenstrahlen (in German)}},
  school={Gesellschaft f\"ur Schwerionenforschung, Darmstadt, Germany},
  year={1998}
}

@article{Greilich_et_al_2008,
author = {Greilich, S. and Edmund, J.M. and Jain, M. and Andersen, C.E.},
journal = {Rad. Meas.},
volume = 43,
title = {{A coupled RL and transport model for mixed-field proton irradiation of \ce{Al2O3}:C}},
year = 2008,
pages = {1049–1053}
}

@unpublished{Greilich_et_al_SPIFF,
author = {Greilich, S. and Andersen, C.E. and Hahn, U. and Kiderlen, M. and Bassler, N.},
month = {October},
note = {submitted to Radiation Measurements},
title = {{A novel track-structure based algorithm for solid-state detector efficiency in mixed particle fields}},
year = 2008
}

@article{Hansen_and_Olsen_1984,
author = {Hansen, J.W. and Olsen, K.J.},
journal = {Radiation Research},
volume = 97,
title = {{Experimental and Calculated Response of a Radiochromic Dye Film Dosimeter to High-LET Radiations}},
year = 1984,
pages = {1-15}
}

@article{Jaekel_2009,
author = {J{\"a}kel, O.},
journal = {Radiation Protection Dosimetry},
volume = {published online on October 14, 2009},
title = {{Medical Physics Aspects of Particle Therapy}},
year = 2009,
pages = {doi:10.1093/rpd/ncp192}
}

@incollection{Katz_et_al_1972,
author= {Katz, R. and Sharma, S. C. and Homayoonfar, M.},
editor= {Attix, F. H.},
year={1972},
title= {The structure of particle tracks},
booktitle= {Topics in Radiation Dosimetry},
publisher= {Academic Press},
address= {New York},
chapter={6},
pages= {317-383}
}

@article{Katz_2003,
author = {Katz, R.},
journal = {Radiation Research},
volume = 160,
title = {{The Parameter-Free Track Structure Model of Scholz and Kraft for Heavy-Ion Cross Section}},
year = 2003,
pages = {724-728}
}

@incollection{Kellerer_1985,
author= {Kellerer, A.M.},
editor= {Kase, K.R. and Bj\"arngard, B.E. and Attix, F.H.},
year={1985},
title= {Fundamentals of microdosimetry},
booktitle = {The Dosimetry of Ionizing Radiation},
publisher= {Academic Press},
address= {London},
chapter={2}
}

@phdthesis{Olko_2002,
  author={Olko, P.},
  title={Microdosimetric Modelling of Physical and Biological Detectors},
  type={Habilitation},
  school={Institute of Nuclear Physics, Krak\'ow, Poland},
  year={2002}
}

@phdthesis{Scholz_2001,
  author={Scholz, M.},
  title={{Grundlagen der biologischen Bestrahlungsplanung f\"ur die Schwerionen-Tumortherapie (in German)}},
  type={Habilitation},
  school={Ruprecht-Karls-Universit\"at, Heidelberg, Germany},
  year={2001}
}

@article{Scholz_and_Kraft_2004,
author = {Scholz, M. and Kraft, G.},
journal = {Radiation Research},
volume = 161,
title = {{The Physical and Radiobiological Basis of the Local Effect Model: A Response to the Commentary by R. Katz}},
year = 2004,
pages = {612-620}
}

@article{Yukihara_McKeever_2008,
author = {Yukihara, E.G. and McKeever, S.M.S.},
title = {{Optically stimulated luminescence (OSL) dosimetry in medicine}},
journal = {Phys. Med. Biol.},
volume = {53},
year = {2008},
pages = {R351-R379}
}

@article{Waligorski_and_Katz_1980,
author = {Walig\'orski, M.P.R. and Katz, R.},
journal = {NIM},
volume = 172,
year = 1980,
title = {{Supralinearity of peak 5 and peak 6 in TLD-700}},
pages = {463-470}}

@article{Waligorski_et_al_1986,
author = {Walig\'orski, M.P.R. and Hamm, R.N. and Katz, R.},
journal = {Nuclear Tracks and Radiation Measurements},
volume = 11,
year = 1986,
title = {{The Radial Distribution of Dose around the Path of a Heavy Ion in Liquid Water}},
pages = {309-319}}

@phdthesis{Waligorski_1988,
  author={Walig\'orski, M.P.R.},
  title={A Model of Heavy Ion Detection in Physical and Biological Systems},
  type={Habilitation},
  school={Institute of Nuclear Physics, Krak\'ow, Poland},
  year={1988}
}

@article{Zhang_et_al_1985,
author = {Zhang, C. and Dunn, D.E. and Katz, R.},
journal = {Radiation Protection Dosimetry},
volume = 13,
year = 1985,
title = {{Radial Distribution of Dose and Cross-Sections for the Inactivation of Dry Enzymes and Viruses}},
pages = {215-218}}